<record><leader>00000cas a22000007a 4500</leader><controlfield tag="001">12338019</controlfield><controlfield tag="008">850802d19051922wiuwr ne      0    0eng d</controlfield><datafield ind1=" " ind2=" " tag="010"><subfield code="a">sn 85040889 </subfield></datafield><datafield ind1=" " ind2=" " tag="040"><subfield code="a">NPV</subfield><subfield code="b">eng</subfield><subfield code="c">NPV</subfield><subfield code="d">OCLCQ</subfield></datafield><datafield ind1=" " ind2=" " tag="042"><subfield code="a">msc</subfield></datafield><datafield ind1=" " ind2=" " tag="045"><subfield code="a">x0x2</subfield></datafield><datafield ind1=" " ind2=" " tag="052"><subfield code="a">4123</subfield><subfield code="b">M2</subfield></datafield><datafield ind1="0" ind2=" " tag="130"><subfield code="a">Reporter (Two Rivers, Wis.)</subfield></datafield><datafield ind1="1" ind2="4" tag="245"><subfield code="a">The reporter.</subfield></datafield><datafield ind1="1" ind2="7" tag="246"><subfield code="a">Two Rivers reporter</subfield></datafield><datafield ind1=" " ind2=" " tag="260"><subfield code="a">Two Rivers, Wis. :</subfield><subfield code="b">F.M. Althen,</subfield><subfield code="c">-1922.</subfield></datafield><datafield ind1=" " ind2=" " tag="300"><subfield code="a">v. :</subfield><subfield code="b">ill.</subfield></datafield><datafield ind1=" " ind2=" " tag="310"><subfield code="a">Weekly</subfield></datafield><datafield ind1=" " ind2=" " tag="321"><subfield code="a">Weekly,</subfield><subfield code="b">&lt;Jan. 6, 1906&gt;-July 31, 1909</subfield></datafield><datafield ind1=" " ind2=" " tag="321"><subfield code="a">Semiweekly,</subfield><subfield code="b">Aug. 7, 1909-Nov. 17, 1911</subfield></datafield><datafield ind1="0" ind2=" " tag="362"><subfield code="a">-v. 18, no. 6 (Apr. 6, 1922).</subfield></datafield><datafield ind1="1" ind2=" " tag="362"><subfield code="a">Began in Mar., 1905.</subfield><subfield code="z">Cf. Oehlerts, d. Guide to Wis. newspapers.</subfield></datafield><datafield ind1=" " ind2=" " tag="500"><subfield code="a">Publisher varies.</subfield></datafield><datafield ind1=" " ind2=" " tag="500"><subfield code="a">Editors: F.M. Althen, June 26, 1909-&lt;March 8, 1913&gt;; A. Baetz, &lt;March 29, 1913&gt;-April 6, 1922.</subfield></datafield><datafield ind1=" " ind2=" " tag="515"><subfield code="a">New series numbering begins Aug. 3, 1909, vol. 1, no. 1 = old series, v. 5, no. 20; ends Mar. 22, 1910, new series, v. 1 no. 65 = old series, v. 5, no. 85.</subfield></datafield><datafield ind1=" " ind2=" " tag="530"><subfield code="a">Available on microfilm from The State Historical Society of Wisconsin.</subfield></datafield><datafield ind1=" " ind2=" " tag="588"><subfield code="a">Description based on: Vol. 1, no. 42 (Jan. 6, 1906).</subfield></datafield><datafield ind1=" " ind2=" " tag="752"><subfield code="a">United States</subfield><subfield code="b">Wisconsin</subfield><subfield code="c">Manitowoc</subfield><subfield code="d">Two Rivers.</subfield></datafield><datafield ind1="0" ind2="0" tag="785"><subfield code="t">Two Rivers reporter</subfield><subfield code="w">(DLC)sn 85040890</subfield></datafield><datafield ind1="1" ind2=" " tag="029"><subfield code="a">AU@</subfield><subfield code="b">000023481780</subfield></datafield></record>